@misc{ wiki:Maccabean,
  author = "Wikipedia contributors",
  title = "Maccabean Revolt --- Wikipedia{,} The Free Encyclopedia",
  year = "2018",
  howpublished = "\url{https://en.wikipedia.org/w/index.php?title=Maccabean_Revolt&oldid=823426490}",
  note = "[Online; accessed 8-February-2018]"
}
@misc{ wiki:Hasmonean,
  author = "Wikipedia contributors",
  title = "Hasmonean dynasty --- Wikipedia{,} The Free Encyclopedia",
  year = "2018",
  howpublished = "\url{https://en.wikipedia.org/w/index.php?title=Hasmonean_dynasty&oldid=819859234}",
  note = "[Online; accessed 8-February-2018]"
}
@misc{ wiki:Zealots,
  author = "Wikipedia contributors",
  title = "Zealots (Judea) --- Wikipedia{,} The Free Encyclopedia",
  year = "2018",
  howpublished = "\url{https://en.wikipedia.org/w/index.php?title=Zealots_(Judea)&oldid=823762124}",
  note = "[Online; accessed 8-February-2018]"
}
@misc{ wiki:Hanukkah,
  author = "Wikipedia contributors",
  title = "Hanukkah --- Wikipedia{,} The Free Encyclopedia",
  year = "2018",
  howpublished = "\url{https://en.wikipedia.org/w/index.php?title=Hanukkah&oldid=823107702}",
  note = "[Online; accessed 8-February-2018]"
}
@book{book:minMessiah,
  title={你如何对待这位弥赛亚? Can you Handle this Messiah?: The Life of Jesus},
  author={Min, I.T.D.},
  isbn={9781921978142},
  pages={94},
  year={2005},
  month={Nov.},
  edition={2},
  url={https://books.google.com/books?id=mPbexICSovQC},
  publisher={Traillblazer Bookshop}
}
