@misc{wiki:Luke,
   author = "维基百科",
   title = "路加 --- 维基百科{,} 自由的百科全书",
   year = "2017",
   howpublished = "\url{https://zh.wikipedia.org/w/index.php?title=%E8%B7%AF%E5%8A%A0&oldid=47426711}",
}
@misc{blog:jeasusManger,
   author = "乔治·怀特",
   title = "耶稣为何要选择降生在马槽里？",
   year = "2018",
   howpublished = "\url{https://www.hoc5.info/letsfollowjesus/main/daily/articles/01/0124-L1-why-Jesus-born-in-manger.html}",
}
@book{book:maier1987flames,
  title={The Flames of Rome},
  author={Maier, P.L.},
  isbn={9780825495441},
  lccn={87050401},
  url={https://books.google.com/books?id=Wuf-CQH1jkMC},
  year={1987},
  publisher={Kregel Publications}
}
@book{book:bock1994luke,
  title={Luke: 1:1-9:50},
  author={Bock, D.L.},
  isbn={9780801010538},
  lccn={94033507},
  series={Baker Exegetical Commentary on the New Testament},
  url={https://books.google.com/books?id=S0cRAQAAIAAJ},
  year={1994},
  publisher={Baker Books}
}
