@misc{wiki:Luke,
   author = "维基百科",
   title = "路加 --- 维基百科{,} 自由的百科全书",
   year = "2017",
   howpublished = "\url{https://zh.wikipedia.org/w/index.php?title=%E8%B7%AF%E5%8A%A0&oldid=47426711}",
}
@misc{blog:jeasusManger,
   author = "乔治·怀特",
   title = "耶稣为何要选择降生在马槽里？",
   year = "2018",
   howpublished = "\url{https://www.hoc5.info/letsfollowjesus/main/daily/articles/01/0124-L1-why-Jesus-born-in-manger.html}",
}
@book{book:maier1987flames,
  title={The Flames of Rome},
  author={Maier, P.L.},
  isbn={9780825495441},
  lccn={87050401},
  url={https://books.google.com/books?id=Wuf-CQH1jkMC},
  year={1987},
  publisher={Kregel Publications}
}
@book{book:bock1994luke,
  title={Luke: 1:1-9:50},
  author={Bock, D.L.},
  isbn={9780801010538},
  lccn={94033507},
  series={Baker Exegetical Commentary on the New Testament},
  url={https://books.google.com/books?id=S0cRAQAAIAAJ},
  year={1994},
  publisher={Baker Books}
}
@inbook{book:NiceneLSB,
  author = {\protect{First Council of Nicaea}},
  title = {Nicene Creed},
  pages = {158},
  booktitle={Lutheran Service Book: Three-Year Lectionary},
  bookauthor={\protected{Lutheran Church--Missouri Synod and Lutheran Church--Missouri Synod. Commission on Worship}},
  isbn={9780758612281},
  lccn={2006009041},
  series={Lutheran Service Book: Three-year Lectionary},
  url={https://books.google.com/books?id=2AoRAAAACAAJ},
  year={2006},
  publisher={Concordia Publishing House}
}
@inbook{book:ChalcedonBCP,
  author = {\protect{Council of Chalcedon}},
  title = {Definition of the Union of the Divine and Human Natures in the Person of Christ},
  pages = {864},
  booktitle={The Book of Common Prayer: Pocket edition},
  bookauthor={\protected{Church, T.E.}},
  isbn={9781680991697},
  url={https://books.google.com/books?id=tp31DAAAQBAJ},
  year={2016},
  publisher={Good Books}
}
@book{book:smith2009not,
  title={Not by Might, Nor by Power},
  author={Smith, L.M.},
  isbn={9781890120269},
  url={http://xybk.fuyin.tv/Books/PI_BTruth-HS-Doct/gb/index.htm},
  year={2009},
  publisher={DayStar Publishing}
}
@misc{blog:TrailTang,
  author = "唐崇荣",
  title = "信仰、试炼与得胜",
  chapter = "4",
  year = "2016",
  howpublished = "\url{http://www.pcchong.com/mydictionary/Special/Faith_Trial_Triumph4.htm}",
}
@misc{blog:Luke3BibltStudy,
  subtitle = "路加福音第三章註解",
  author = "黃迦勒",
  title = "查經資料大全",
  chapter = "3",
  year = "2018",
  howpublished = "\url{http://www.ccbiblestudy.org/New%20Testament/42Luke/42CT03.htm}",
}
@misc{blog:SpiritandDove,
  author = "Henry Ho",
  title = "聖靈與鴿子",
  year = "2016",
  month = "Nov.",
  howpublished = "\url{http://new.hadavar.org.hk/doveholyspirit/}",
}
@book{book:vision2017Catho,
  title={天主教教理: 簡編和全部條文},
  author={天主教會台灣地區主教團},
  publisher={\protect{Bible Vision}(明望社)},
  url={https://books.google.com/books?id=N\_0wDwAAQBAJ},
  year={2017}
}
@book{book:stein1993luke,
  title={Luke: An Exegetical and Theological Exposition of Holy Scripture},
  author={Stein, R.A.},
  isbn={9781433675621},
  series={New American Commentary},
  url={https://books.google.com/books?id=Rzq5AwAAQBAJ},
  year={1993},
  publisher={B\&H Publishing Group}
}
@book{book:sproul2011trinity,
  title={What Is the Trinity?},
  author={Sproul, R.C.},
  isbn={9781567692594},
  lccn={2011019615},
  series={Crucial Questions},
  url={https://books.google.com/books?id=NHQFfAEACAAJ},
  year={2011},
  publisher={Reformation Trust Pub.}
}
@book{book:sproul2011baptism,
  title={What Is Baptism?},
  author={Sproul, R.C.},
  isbn={9781567692600},
  lccn={2011020970},
  series={Crucial Questions},
  url={https://books.google.com/books?id=bHObZwEACAAJ},
  year={2011},
  publisher={Reformation Trust Pub.}
}
@book{book:sproul2016reformation,
  title={Reformation Study Bible-NKJV},
  author={Sproul, R.C.},
  isbn={9781567695014},
  url={https://books.google.com/books?id=z4vOjgEACAAJ},
  year={2016},
  publisher={REFORMATION TRUST PUB}
}
@book{book:mill2008five,
  title={Five Sermons on the Temptation of Christ Our Lord in the Wilderness},
  author={Mill, W.H.},
  isbn={9780559219092},
  url={https://books.google.com/books?id=cd3w2UXkjlgC},
  year={2008},
  publisher={BiblioBazaar}
}

